@FOOTNOTE{Note1,key="Note1",note="It is unclear how much of the collisional effect described in~\cite {Stuhl2013} remains. This will be the subject of further investigation."}
@FOOTNOTE{Note2,key="Note2",note="Spin-flip loss would have interfered with evaporation before $5\protect \text  { mK}$ was attained. Some phase space compression does seem to have occurred at $20\protect \text  { mK}$."}
@FOOTNOTE{Note3,key="Note3",note="Soure code is available: https://github.com/dreens/spin-flip-integration/"}
@FOOTNOTE{Note4,key="Note4",note="Microwaves applied via our free space cavity mode probe couple electrically weak and strong field seeking states during deceleration. The microwave wavelength of $15\protect \text  { cm}$ is large compared with packet size, and the resonant energy corresponds to the low electric fields that all molecules experience when flying between stages."}
